20800000         2999999999999999999999999999       00050 9999999999999 NOME DA EMPRESA               BANCO BTG                               10411202216292701417205000000                    0001417215                                       
20800011C2003    2999999999999999999999999999       00050 9999999999999 NOME DA EMPRESA                                                       RUA TABAPUA 841, CJ 51        00000               SAO PAULO           04533013SP                  
2080001300001A00001826000001 9999999999999 NOME DO FAVORECIDO            1337013492          28022029BRL000000000000000000000000000001                    00000000000000000000000                                                    0BD        
2080001300002B005100035228471804ENDERECO TESTES 500           00000               ALDEOTA        FORTALEZA           60150055CE16062022000000000000341000000000000000000000000000000000000000000000000000000000000                              
20800025         000006000000000000928678000000000000000000000000                                                                                                                                                                               
20800011C2045    2999999999999999999999999999       00050 9999999999999 NOME DA EMPRESA                                                       RUA TABAPUA 841, CJ 51        00000               SAO PAULO           04533013SP                  
2080001300001A00001826000001 9999999999999 NOME DO FAVORECIDO            1337013492          28022029BRL000000000000000000000000000001                    00000000000000000000000                                                    0BD        
2080001300002B005100035228471804ENDERECO TESTES 500           00000               ALDEOTA        FORTALEZA           60150055CE16062022000000000000341000000000000000000000000000000000000000000000000000000000000                              
20800025         000006000000000000928678000000000000000000000000                                                                                                                                                                               
20800011C2031040 2999999999999999999999999999       00050 9999999999999 NOME DA EMPRESA                                                       RUA TABAPUA 841, CJ 51        00000               SAO PAULO           04533013SP                  
2080001300001J00020891976200000002009999999999999999999999999NOME FAVAORECIDO             L29062024000000000000200000000000000000000000000000000140620240000000000002000000000000000006d1711054458277     2106121711054458277109      BD        
2080001300002J 00522999999999999999NOME DO SACADO                          2999999999999999NOME CEDENTE                            2999999999999999NOME SAVADOR AVALISTA                                                                        
20800045         000004000000002000000250000000000000000000000000                                                                                                                                                                               
20800011C2016040 2999999999999999999999999999       00050 9999999999999 NOME DA EMPRESA                                                       RUA TABAPUA 841, CJ 51        00000               SAO PAULO           04533013SP                  
2080001300001N0002537                                    NOME                          300120240000000000496914750   99999999999999999300120240000000000000000000000000004969100000000000000000000000000000030012024                  BD        
20800015         000003000000000000049691000000000000000000000000                                                                                                                                                                               
20800011C2011    2999999999999999999999999999       00050 9999999999999 NOME DA EMPRESA                                                       RUA TABAPUA 841, CJ 51        00000               SAO PAULO           04533013SP                  
2080001300001O00081860000002913157012405104700270693530039900MUNICIPIO DE SAO PAULO        10052024100520240000000000291315252744674                                                                                                  BD        
20800015         000020000000000000000000000000000000000000000000                                                                                                                                                                               
20899999         000001000008000000                                                                                                                                                                                                             